@misc{rialland2021,
  author={Rialland, Julien},
  title={Generic A-Star path searching algorithm},
  titleaddon={GitHub},
  year=2021,
  note={En línea},
  url={https://github.com/jrialland/python-astar}
}
@misc{NuevoLaredo2021,
  author={{Instituto Tecnológico de Nuevo Laredo}},
  title={ALGORTIMO A*},
  titleaddon={PDF},
  year=2005,
  note={En línea},
  url={http://www.itnuevolaredo.edu.mx/takeyas/apuntes/Inteligencia%20Artificial/Apuntes/tareas_alumnos/A-Star/A-Star(2005-II-A).pdf}
}